
%In this document you can find al References used in the Work

@article{Alghamdi.2020,
 author = {Alghamdi, Waleed M. and Alrasheed, Saif H.},
 year = {2020},
 title = {Impact of an educational intervention using the 20/20/20 rule on Computer Vision Syndrome},
 volume = {79},
 number = {1},
 issn = {2413-3183},
 journal = {African Vision and Eye Health},
 doi = {10.4102/aveh.v79i1.554  }
}




@article{Ariga.2011,
 author = {Ariga, Atsunori and Lleras, Alejandro},
 year = {2011},
 title = {Brief and rare mental {\textquotedbl}breaks{\textquotedbl} keep you focused: deactivation and reactivation of task goals preempt vigilance decrements},
 pages = {439--443},
 volume = {118},
 number = {3},
 journal = {Cognition},
 doi = {10.1016/j.cognition.2010.12.007                      }
}


@article{BennettAndrewA.GabrielAllisonS.CalderwoodCharles.2020,
 author = {{Bennett, Andrew A.,Gabriel, Allison S.,Calderwood, Charles}},
 year = {2020},
 title = {Examining the interplay of micro-break durations and activities for employee recovery: A mixed-methods investigation.},
 volume = {25},
 number = {2}
}




@article{BaumeisterR.F.BratslavskyE.MuravenM.&TiceD.M..1998,
 author = {{Baumeister, R. F., Bratslavsky, E., Muraven, M., {\&} Tice, D. M.}},
 year = {1998},
 title = {Ego depletion: Is the active self a limited resource?},
 pages = {1252--1265},
 volume = {74},
 number = {5}
}





@article{Berman.2007,
 author = {Berman, Evan M. and West, Jonathan P.},
 year = {2007},
 title = {The Effective Manager . . . Takes a Break},
 pages = {380--400},
 volume = {27},
 number = {4},
 issn = {0734-371X},
 journal = {Review of Public Personnel Administration},
 doi = {10.1177/0734371X07307076                     }
}

@article{Bloom.2014,
 author = {de Bloom, Jessica and Kinnunen, Ulla and Korpela, Kalevi},
 year = {2014},
 title = {Exposure to nature versus relaxation during lunch breaks and recovery from work: development and design of an intervention study to improve workers' health, well-being, work performance and creativity},
 pages = {488},
 volume = {14},
 journal = {BMC public health},
 doi = {10.1186/1471-2458-14-488                        }
}


@article{Choi.2018,
 author = {Choi, Dong-Woo and Chun, Sung-Youn and Lee, Sang Ah and Han, Kyu-Tae and Park, Eun-Cheol},
 year = {2018},
 title = {Association between Sleep Duration and Perceived Stress: Salaried Worker in Circumstances of High Workload},
 volume = {15},
 number = {4},
 journal = {International journal of environmental research and public health},
 doi = {10.3390/ijerph15040796   },
 file = {Choi, Chun et al. 2018 - Association between Sleep Duration:Attachments/Choi, Chun et al. 2018 - Association between Sleep Duration.pdf:application/pdf}
}




@book{Cirillo.2006,
 author = {Cirillo, Francesco},
 year = {2006},
 title = {The Pomodoro technique: The acclaimed time management system that has transformed how we work},
 address = {New York},
 edition = {Currency edition},
 publisher = {{Currency, an imprint of Crown Publishing Group, a division of Penguin Random House LLC}},
 isbn = {9781524760700                         }
}

@article{Cooley.2013,
 author = {Cooley, Dean and Pedersen, Scott},
 year = {2013},
 title = {A pilot study of increasing nonpurposeful movement breaks at work as a means of reducing prolonged sitting},
 pages = {128376},
 volume = {2013},
 journal = {Journal of environmental and public health},
 doi = {10.1155/2013/128376                      },
 file = {Cooley, Pedersen 2013 - A pilot study of increasing:Attachments/Cooley, Pedersen 2013 - A pilot study of increasing.pdf:application/pdf}
}

% This file was created with Citavi 6.14.0.0

@article{Ding.2020,
 author = {Ding, Yi and Cao, Yaqin and Duffy, Vincent G. and Zhang, Xuefeng},
 year = {2020},
 title = {It is Time to Have Rest: How do Break Types Affect Muscular Activity and Perceived Discomfort During Prolonged Sitting Work},
 url = {https://www.sciencedirect.com/science/article/pii/S2093791119307875},
 keywords = {Intervention;JASA method;Muscle discomfort;Office ergonomics;Surface EMG},
 pages = {207--214},
 volume = {11},
 number = {2},
 issn = {2093-7911},
 journal = {Safety and Health at Work},
 doi = {10.1016/j.shaw.2020.03.008}
}




@article{Elkin.1990,
 author = {Elkin, A. J. and Rosch, P. J.},
 year = {1990},
 title = {Promoting mental health at the workplace: the prevention side of stress management},
 keywords = {Health Promotion/organization {\&} administration;Humans;Mental Disorders/prevention {\&} control;Mental Health;Occupational Health;Stress, Physiological/prevention {\&} control;United States},
 pages = {739--754},
 volume = {5},
 number = {4},
 issn = {0885-114X},
 journal = {Occupational medicine (Philadelphia, Pa.)}
}




@article{Fritz.2005,
 author = {Fritz, Charlotte and Sonnentag, Sabine},
 year = {2005},
 title = {Recovery, health, and job performance: effects of weekend experiences},
 pages = {187--199},
 volume = {10},
 number = {3},
 issn = {1076-8998},
 journal = {Journal of occupational health psychology},
 doi = {10.1037/1076-8998.10.3.187      },
 file = {Fritz, Sonnentag 2005 - Recovery, health:Attachments/Fritz, Sonnentag 2005 - Recovery, health.pdf:application/pdf}
}




@article{Fritz.2006, 
 author = {Fritz, Charlotte and Sonnentag, Sabine},
 year = {2006},
 title = {Recovery, well-being, and performance-related outcomes: the role of workload and vacation experiences},
 pages = {936--945},
 volume = {91},
 number = {4},
 issn = {0021-9010},
 journal = {The Journal of applied psychology},
 doi = {10.1037/0021-9010.91.4.936       },
 file = {Fritz, Sonnentag 2006 - Recovery, well-being:Attachments/Fritz, Sonnentag 2006 - Recovery, well-being.pdf:application/pdf}
}





@article{Gingerich.2017,
 author = {Gingerich, Stefan B. and Seaverson, Erin L. D. and Anderson, David R.},
 year = {2017},
 title = {Association Between Sleep and Productivity Loss Among 598 676 Employees From Multiple Industries},
 pages = {1091--1094},
 volume = {32},
 number = {4},
 issn = {0890-1171},
 journal = {American Journal of Health Promotion},
 doi = {10.1177/0890117117722517             }
}







@article{Henning.1997,
 author = {Henning, R. A. and Jacques, P. and Kissel, G. V. and Sullivan, A. B. and Alteras-Webb, S. M.},
 year = {1997},
 title = {Frequent short rest breaks from computer work: effects on productivity and well-being at two field sites},
 pages = {78--91},
 volume = {40},
 number = {1},
 issn = {0014-0139},
 journal = {Ergonomics},
 doi = {10.1080/001401397188396                          }
}


@article{Hjortskov.2004,
 author = {Hjortskov, Nis and Riss{\'e}n, Dag and Blangsted, Anne Katrine and Fallentin, Nils and Lundberg, Ulf and S{\o}gaard, Karen},
 year = {2004},
 title = {The effect of mental stress on heart rate variability and blood pressure during computer work},
 pages = {84--89},
 volume = {92},
 number = {1},
 issn = {1439-6327},
 journal = {European Journal of Applied Physiology},
 doi = {10.1007/s00421-004-1055-z         }
}








@inproceedings{Kaur.2020,
 author = {Kaur, Harmanpreet and Williams, Alex C. and McDuff, Daniel and Czerwinski, Mary and Teevan, Jaime and Iqbal, Shamsi T.},
 title = {Optimizing for Happiness and Productivity: Modeling Opportune Moments for Transitions and Breaks at Work},
 pages = {1--15},
 publisher = {{Association for Computing Machinery}},
 isbn = {9781450367080                               },
 editor = {Bernhaupt, Regina and Mueller, Florian 'Floyd' and Verweij, David and Andres, Josh and McGrenere, Joanna and Cockburn, Andy and Avellino, Ignacio and Goguey, Alix and Bj{\o}rn, Pernille and Zhao, Shengdong and Samson, Briane Paul and Kocielnik, Rafal and Mueller, Florian},
 booktitle = {CHI'20},
 year = {2020},
 address = {New York, New York},
 doi = {10.1145/3313831.3376817                               }
}







@article{KimS.ParkY.&Niu.2017,
 author = {{Kim, S., Park, Y., {\&} Niu}},
 year = {2017},
 title = {Micro--break activities at work to recover from daily work demands},
 url = {https://www.deepdyve.com/lp/wiley/micro-break-activities-at-work-to-recover-from-daily-work-demands-wfVuevE0Sa},
 pages = {28--44},
 volume = {38},
 number = {1},
 journal = {Journal of Organizational Behavior},
 doi = {10.1002/job.2109                                   }
}






@article{Largo-Wight.2017, 
author = {Erin Largo-Wight and Peter S. Wlyudka and Julie W. Merten and Elizabeth A. Cuvelier},
title = {Effectiveness and feasibility of a 10-minute employee stress intervention: Outdoor Booster Break},
journal = {Journal of Workplace Behavioral Health},
volume = {32},
number = {3},
pages = {159-171},
year  = {2017},
publisher = {Routledge},
doi = {10.1080/15555240.2017.1335211                                },

URL = { 
        https://doi.org/10.1080/15555240.2017.1335211                           
    
},
eprint = { 
        https://doi.org/10.1080/15555240.2017.1335211                         
    
}

}


@article{Lounsbury.1986,
 author = {Lounsbury, John and Hoopes, Linda},
 year = {1986},
 title = {A Vacation From Work. Changes in Work and Nonwork Outcomes},
 pages = {392--401},
 volume = {71},
 journal = {Journal of Applied Psychology},
 doi = {10.1037/0021-9010.71.3.392  }
}





@article{Packer.2021,
 author = {Packer, Jan},
 year = {2021},
 title = {Taking a break: Exploring the restorative benefits of short breaks and vacations},
 pages = {100006},
 volume = {2},
 number = {1},
 issn = {26669579},
 journal = {Annals of Tourism Research Empirical Insights},
 doi = {10.1016/j               .    annale.2020.100006 }
}



@article{Rosekind.2010,
 author = {Rosekind, Mark R. and Gregory, Kevin B. and Mallis, Melissa M. and Brandt, Summer L. and Seal, Brian and Lerner, Debra},
 year = {2010},
 title = {The Cost of Poor Sleep: Workplace Productivity Loss and Associated Costs},
 url = {http://www.jstor.org/stable/44998613},
 pages = {91--98},
 volume = {52},
 number = {1},
 issn = {10762752},
 journal = {Journal of Occupational and Environmental Medicine}
}





@article{Mayo.1933,
 author = {Mayo, E.},
 year = {1933},
 title = {The human problems of an industrialized civilization}
}




@article{Min.2019,
author = {Min, Chulhong and Lee, Euihyeok and Park, Souneil and Kang, Seungwoo},
year = {2019},
month = {06},
title = {Tiger:Wearable Glasses for the 20-20-20 Rule to Alleviate Computer Vision Syndrome}
}






@article{Taylor.2005,
 author = {Taylor, Wendell C.},
 year = {2005},
 title = {Transforming work breaks to promote health},
 pages = {461--465},
 volume = {29},
 number = {5},
 issn = {0749-3797},
 journal = {American journal of preventive medicine},
 doi = {10.1016/j.                       amepre.2005.08.040}
}

@incollection{Trougakos.2009,
 author = {Trougakos, John P. and Hideg, Ivona},
 title = {Momentary work recovery: The role of within-day work breaks},
 pages = {37--84},
 volume = {7},
 publisher = {{Emerald Group Publishing Limited}},
 isbn = {978-1-84855-544-0      },
 series = {Research in occupational stress and well being},
 editor = {Sonnentag, Sabine and Perrew{\'e}, Pamela L. and Ganster, Daniel C.},
 booktitle = {Current Perspectives on Job-Stress Recovery},
 year = {2009},
 doi = {10.1108/S1479-3555(2009)0000007005      },
 file = {10-1108{\_}S1479-3555(2009)0000007005:Attachments/10-1108{\_}S1479-3555(2009)0000007005.pdf:application/pdf}
}

@article{Waongenngarm.2018,
 author = {Waongenngarm, Pooriput and Areerak, Kantheera and Janwantanakul, Prawit},
 year = {2018},
 title = {The effects of breaks on low back pain, discomfort, and work productivity in office workers: A systematic review of randomized and non-randomized controlled trials},
 pages = {230--239},
 volume = {68},
 journal = {Applied ergonomics},
 doi = {10.1016/j.                 apergo.2017.12.003  }
}



@article{Westman.2001,
 author = {Westman, M. and Etzion, D.},
 year = {2001},
 title = {The impact of vacation and job stress on burnout and absenteeism},
 pages = {595--606},
 volume = {16},
 number = {5},
 issn = {0887-0446},
 journal = {Psychology {\&} health},
 doi = {10.1080/08870440108405529  }
}





