@ARTICLE{schermann:18:2, 
	author={G. Schermann and J. Cito and P. Leitner}, 
	journal={IEEE Software}, 
	title={Continuous Experimentation: Challenges, Implementation Techniques, and Current Research}, 
	year={2018}, 
	volume={35}, 
	number={2}, 
	pages={26-31}, 
	keywords={Internet;formal specification;program testing;systems analysis;Web-based systems;requirements engineering;Computer architecture;Data science;Product life cycle management;Routing;Software engineering;Software product lines;Software testing;business-driven experiments;continuous experimentation;feature toggles;regression-driven experiments;release engineering;software development;software engineering;traffic routing}, 
	doi={10.1109/MS.2018.111094748}, 
	ISSN={0740-7459}, 
	month={March},}